
@Book{theoinfo,
title = {Einführung in die Theoretische Informatik},
subtitle={Formale Sprachen und Automatentheorie},
author={Ulrich Hedtstück},
publisher ={Oldenbourg Wissenschaftsverlag},
year = {2012}
}


@Misc{xtextdoc,
key =  {1},
title = {Xtext Documentation},
howpublished = {URL: http://www.eclipse.org/Xtext/ \\ cumentation/2.6.0/Xtext Documentation.pdf},
month = {September},
year = {2014},
note={Zuletzt eingesehen am 24.11.2014}

}


@Book{gpm,
title = {Geschäftsprozessmanagement},
subtitle={Strategie, Entwurf, Implementierung, Controlling},
author={{Prof. Dr. } Allweyer, Thomas},
publisher ={W3L GmbH},
year = {2005},
page={3--7}
}

@Misc{workflow,
key = {2},
author = {Fraunhofer-Institut für Experimentelles Software Engineering},
title = {Workflow},
howpublished = {URL: http://www.software-kompetenz.de/servlet/is/2368/},
year={2001-2014},
note={Zuletzt eingesehen am 26.11.2014}
}


@Book{gpqm,
title = {Prozess- und Qualitätsmanagemen},
subtitle={Grundlagen der Prozessgestaltung und Qualitätsverbesserung mit zahlreichen Beispielen, Repititionsfragen und Antworten},
author={{Schneider,Gabriel } and {Geiger, Ingrid Katharina } and {Scheuring, Johannes }},
publisher ={Compendio Bildungsmedien AG},
year = {2008},
page={55--57}
}

@TechReport{pb5,
  author = 	 {Niels Gundermann},
  title = 	 {Entwicklung einer Grammatik für eine DSL mit xText am Beispiel einer Sprache zur  Definition von Pflichtprüfungen in profil c/s},
  institution =  {data experts gmbH},
  year = 	 {2014},
  OPTmonth = 	 {November},
}


@Article{carpediem,
author = {{Markus Voelter} and {Lars Corneliussen}},
title = {Carpe Diem},
subtitle={DSL Entwicklung  mit Eclipse xText},
journal = {DotNetPro},
year = {2009},
month = {5}
}

@Book{voelter,
title = {DSL Engineering},
subtitle={Designing, Implementing and Using Domain-Specific Languages}, 
publisher = {CreateSpace Independent Publishing Platform},
author = {{Markus Voelter} and {Sebastian Benz} and {Lennart Kats} and {Mats Helander} and {Eelco Visser} and {Guido Wachsmuth}},
year = {2013}
}

@Book{nb,
ALTauthor = {Prof. Dr. Norbert Bloom},
title = {Einführung in Formale Sprachen, Berechenbarkeit, Infomrations- und Lerntheorie},
publisher = {Oldenbourg Wissenschaftsverlag GmbH},
year = {2007}
}


@Book{ttdm,
title={Teubner-Taschenbuch der Mathematik},
subtitle = {Teil II},
publisher = {Vieweg+Teubner Verlag},
author = {Günter Grosche},
year ={2003},
volume ={8}
}

@Book{theoinfo,
title = {Einführung in die Theoretische Informatik},
subtitle={Formale Sprachen und Automatentheorie},
author={Ulrich Hedtstück},
publisher ={Oldenbourg Wissenschaftsverlag},
year = {2012}
}

@Misc{xtextdoc,
key =  {1},
title = {Xtext Documentation},
howpublished = {URL: http://www.eclipse.org/Xtext/cumentation/2.6.0/Xtext Documentation.pdf},
month = {May},
year = {2014}
}

@Misc{tp,
author ={Terence Parr},
title = {antlr.org},
howpublished = {URL: http://www.antlr.org/},
year = {2014}
}

@Book{alfred,
title = {Compiler: Prinzipien, Techniken und Werkzeuge},
author={Alfred V Aho},
publisher ={Pearson Studium},
year = {2008}
}





